Untuk setiap referensi, baris pertama (newton1687) merupakan label dan baris-baris berikutnya
merupakan atribut dari referensi yang akan digunakan. Umumnya, format referensi berikut sudah
disediakan oleh penyedia sumber referensi secara online dan bisa langsung ditaruh di sini.

Lihat https://www.bibtex.com/g/bibtex-format/ untuk informasi lebih lanjut mengenai format
BibTex yang digunakan pada file ini.

@misc{cit:1,
	author= {{Badan Pusat Statistik Jakarta}},
	year  = {2020},
	title = {Provinsi DKI Jakarta dalam Angka},
	note  = {\url{https://jakarta.bps.go.id/publication/2020/02/28/75c2aa351fc1acb44fcea04f/provinsi-dki-jakarta-dalam-angka-2020--penyediaan-data-untuk-perencanaan-pembangunan.html}
	Last accessed on 2020-11-27},
}

@misc{cit:2,
	author= {{Badan Pusat Statistik Surabaya}},
	year  = {2020},
	title = {Kota Surabaya dalam Angka},
	note  = {\url{https://surabayakota.bps.go.id/publication/2020/05/19/4b5506b7a089a61c75ef6cc9/kota-surabaya-dalam-angka-2020.html}
	}
}

@misc{cit:3,
	author= {{Kedeputian Pelayan Publik Indonesia}},
	title = {Permohonan meminta membuka melihat rekaman CCTV},
	note  = {\url{https://sipp.menpan.go.id/pelayanan-publik/dki-jakarta/permohonan-membukamelihat-rekaman-cctv},
	Last accessed on 2021-8-3
	}
}


@misc{cit:7,
	author= {{Robert Sancrainte}},
	year  = {2017},
	title = {A BRIEF HISTORY OF ARTIFICIAL INTELLIGENCE: THOMAS BAYES},
	note  = {\url{https://www.lexpredict.com/2017/02/brief-history-ai-thomas-bayes/}
	}}

@misc{cit:8,
	author= {{Booz Allen}},
	year  = {2017},
	title = {HOW DO MACHINES LEARN?},
	note  = {\url{https://www.boozallen.com/s/insight/blog/how-do-machines-learn.html}
	}}

@misc{cit:9,
	author= {{Kaiming He, Xiangyu Zhang, Shaoqing Ren, Jian Sun}},
	year  = {2015},
	title = {Deep Residual Learning for Image Recognition},
	note  = {\url{https://arxiv.org/abs/1512.03385}
	}}

@misc{cit:10,
	author= {{Pablo Ruiz}},
	year  = {2018},
	title = {ResNet for CIFAR-10},
	note  = {\url{https://towardsdatascience.com/resnets-for-cifar-10-e63e900524e0},
	Last accessed on 2020-11-30
	}}

@misc{cit:11,
	author= {{Adam Paszke, Sam Gross ,Soumith Chintala, Gregory Chanan}},
	year  = {2016},
	title = {PyTorch},
	note  = {\url{https://pytorch.org/},
	Last accessed on 2020-11-30
	}}

@article{cit:12,
	author= {{Lu Pang, Yaowei Wang, Yi-Zhe Song, Tiejun Huang, Yonghong Tian}},
	year  = {2018},
	title = {Cross-Domain Adversarial Feature Learning for Sketch Re-identification},
	note  = {\url{https://www.pkuml.org/resources/pkusketchreid-dataset.html},
	Last accessed on 2020-11-30
	}}

@inproceedings{
	cit:14,
	title={Lightweight Residual Network for Person Re-identification},
	author={Reza Fuad Rachmadi and Supeno Mardi Susiki Nugroho and I Ketut Eddy Purnama},
	booktitle={International Conference on Information Technology and Digital Applications (ICITDA)},
	year={2020},
}

@article{cit:15,
	title={Joint discriminative and generative learning for person re-identification},
	author={Zheng, Zhedong and Yang, Xiaodong and Yu, Zhiding and Zheng, Liang and Yang, Yi and Kautz, Jan},
	journal={IEEE Conference on Computer Vision and Pattern Recognition (CVPR)},
	year={2019}
}

@misc{cit:16,
	title={Torchreid: A Library for Deep Learning Person Re-Identification in Pytorch}, 
	author={Kaiyang Zhou and Tao Xiang},
	year={2019},
	eprint={1910.10093},
	archivePrefix={arXiv},
	primaryClass={cs.CV}
}
@misc{cit:17,
	title={Adaptive L2 Regularization in Person Re-Identification}, 
	author={Xingyang Ni and Liang Fang and Heikki Huttunen},
	year={2020},
	eprint={2007.07875},
	archivePrefix={arXiv},
	primaryClass={cs.CV}
}

@article{
	cit:18,
	author = {Bre, Facundo and Gimenez, Juan and Fachinotti, VÃ­ctor},
	year = {2017},
	month = {11},
	pages = {},
	title = {Prediction of wind pressure coefficients on building surfaces using Artificial Neural Networks Page 4},
	volume = {158},
	journal = {Energy and Buildings},
	doi = {10.1016/j.enbuild.2017.11.045}
}

@misc{cit:19,
	author= {{Mahmoud Harmouch}},
	year  = {2020},
	title = {Local Binary Pattern Algorithm: The Math Behind It},
	note  = {\url{https://medium.com/swlh/local-binary-pattern-algorithm-the-math-behind-it-%EF%B8%8F-edf7b0e1c8b3},
	Last accessed on 2021-5-30
	}}

@article{DBLP:journals/corr/SunZDW17,
	author    = {Yifan Sun and
	Liang Zheng and
	Weijian Deng and
	Shengjin Wang},
	title     = {SVDNet for Pedestrian Retrieval},
	booktitle   = {ICCV},
	year      = {2017},
}

@article{hermans2017defense,
	title={In Defense of the Triplet Loss for Person Re-Identification},
	author={Hermans, Alexander and Beyer, Lucas and Leibe, Bastian},
	journal={arXiv preprint arXiv:1703.07737},
	year={2017}
}

@article{zheng2018discriminatively,
	title={A discriminatively learned CNN embedding for person reidentification},
	author={Zheng, Zhedong and Zheng, Liang and Yang, Yi},
	journal={ACM Transactions on Multimedia Computing, Communications, and Applications (TOMM)},
	volume={14},
	number={1},
	pages={13},
	year={2018},
	publisher={ACM}
}

@article{zheng2020vehiclenet,
	title={VehicleNet: Learning Robust Visual Representation for Vehicle Re-identification},
	author={Zheng, Zhedong and Ruan, Tao and Wei, Yunchao and Yang, Yi and Mei, Tao},
	journal={IEEE Transaction on Multimedia (TMM)},
	year={2020}
}

@misc{Idelbayev18a,
	author       = "Yerlan Idelbayev",
	title        = "Proper {ResNet} Implementation for {CIFAR10/CIFAR100} in {PyTorch}",
	howpublished = "\url{https://github.com/akamaster/pytorch_resnet_cifar10}",
	note         = "Accessed: 2021-06-04"
}

@inproceedings{CycleGAN2017,
	title={Unpaired Image-to-Image Translation using Cycle-Consistent Adversarial Networkss},
	author={Zhu, Jun-Yan and Park, Taesung and Isola, Phillip and Efros, Alexei A},
	booktitle={Computer Vision (ICCV), 2017 IEEE International Conference on},
	year={2017}
}


@inproceedings{isola2017image,
	title={Image-to-Image Translation with Conditional Adversarial Networks},
	author={Isola, Phillip and Zhu, Jun-Yan and Zhou, Tinghui and Efros, Alexei A},
	booktitle={Computer Vision and Pattern Recognition (CVPR), 2017 IEEE Conference on},
	year={2017}
}

@InProceedings{Ahmed_2015_CVPR,
	author = {Ahmed, Ejaz and Jones, Michael and Marks, Tim K.},
	title = {An Improved Deep Learning Architecture for Person Re-Identification},
	booktitle = {Proceedings of the IEEE Conference on Computer Vision and Pattern Recognition (CVPR)},
	month = {June},
	year = {2015}
}

@InProceedings{Zheng_2015_ICCV,
	author = {Zheng, Liang and Shen, Liyue and Tian, Lu and Wang, Shengjin and Wang, Jingdong and Tian, Qi},
	title = {Scalable Person Re-Identification: A Benchmark},
	booktitle = {Proceedings of the IEEE International Conference on Computer Vision (ICCV)},
	month = {December},
	year = {2015}
}

@article{
	sketchy2016,
	author = {Patsorn Sangkloy and Nathan Burnell and Cusuh Ham and James Hays},
	title = {The Sketchy Database: Learning to Retrieve Badly Drawn Bunnies},
	journal = {ACM Transactions on Graphics (proceedings of SIGGRAPH)},
	year = {2016},
}

@InProceedings{Yi_2017_ICCV,
	author = {Yi, Zili and Zhang, Hao and Tan, Ping and Gong, Minglun},
	title = {DualGAN: Unsupervised Dual Learning for Image-To-Image Translation},
	booktitle = {Proceedings of the IEEE International Conference on Computer Vision (ICCV)},
	month = {Oct},
	year = {2017}
}

@InProceedings{Martinel_2019_CVPR_Workshops,
	author = {Martinel, Niki and Luca Foresti, Gian and Micheloni, Christian},
	title = {Aggregating Deep Pyramidal Representations for Person Re-Identification},
	booktitle = {Proceedings of the IEEE/CVF Conference on Computer Vision and Pattern Recognition (CVPR) Workshops},
	month = {June},
	year = {2019}
}

@misc{cit:19,
	author= {{Mahmoud Harmouch}},
	year  = {2020},
	title = {Local Binary Pattern Algorithm: The Math Behind It},
	note  = {\url{https://medium.com/swlh/local-binary-pattern-algorithm-the-math-behind-it-%EF%B8%8F-edf7b0e1c8b3},
	Last accessed on 2021-5-30
	}}
