@misc{cit:1,
	author= {{Badan Pusat Statistik Jakarta}},
	year  = {2020},
	title = {Provinsi DKI Jakarta dalam Angka},
	note  = {\url{https://jakarta.bps.go.id/publication/2020/02/28/75c2aa351fc1acb44fcea04f/provinsi-dki-jakarta-dalam-angka-2020--penyediaan-data-untuk-perencanaan-pembangunan.html}
	Last accessed on 2020-11-27},
}

@misc{cit:2,
	author= {{Badan Pusat Statistik Surabaya}},
	year  = {2020},
	title = {Kota Surabaya dalam Angka},
	note  = {\url{https://surabayakota.bps.go.id/publication/2020/05/19/4b5506b7a089a61c75ef6cc9/kota-surabaya-dalam-angka-2020.html}
	}
}

@misc{cit:3,
	year  = {2020},
	title = {Kasus Kriminal Meningkat 7,04 Persen dalam Sepekan, Salah Satunya Perampokan},
	note  = {\url{https://nasional.kompas.com/read/2020/05/18/16253371/kasus-kriminal-meningkat-704-persen-dalam-sepekan-salah-satunya-perampokan}
	}
}

@misc{cit:4,
	year  = {2020},
	title = {Dua Pekan Terakhir, Polri Catat Peningkatan Kejahatan 11,80 Persen},
	note  = {\url{https://nasional.kompas.com/read/2020/04/20/20542321/dua-pekan-terakhir-polri-catat-peningkatan-kejahatan-1180-persen}
	}
}


@misc{cit:5,
	year  = {2020},
	title = {Ini Alasan Angka Kriminalitas Meningkat Pekan Lalu Menurut Polri},
	note  = {\url{https://nasional.kompas.com/read/2020/05/18/16253371/kasus-kriminal-meningkat-704-persen-dalam-sepekan-salah-satunya-perampokan}
	}}

@misc{cit:6,
	year  = {2020},
	title = {Dalam Sepekan, Polri Catat Peningkatan Kejahatan Jalanan di Indonesia},
	note  = {\url{https://nasional.kompas.com/read/2020/05/12/17363331/dalam-sepekan-polri-catat-peningkatan-kejahatan-jalanan-di-indonesia}
	}}

@misc{cit:7,
	author= {{Robert Sancrainte}},
	year  = {2017},
	title = {A BRIEF HISTORY OF ARTIFICIAL INTELLIGENCE: THOMAS BAYES},
	note  = {\url{https://www.lexpredict.com/2017/02/brief-history-ai-thomas-bayes/}
	}}

@misc{cit:8,
	author= {{Booz Allen}},
	year  = {2017},
	title = {HOW DO MACHINES LEARN?},
	note  = {\url{https://www.boozallen.com/s/insight/blog/how-do-machines-learn.html}
	}}

@misc{cit:9,
	author= {{Kaiming He, Xiangyu Zhang, Shaoqing Ren, Jian Sun}},
	year  = {2015},
	title = {Deep Residual Learning for Image Recognition},
	note  = {\url{https://arxiv.org/abs/1512.03385}
	}}

@misc{cit:10,
	author= {{N. Deily}},
	year  = {2018},
	title = {Python},
	note  = {\url{https://www.python.org},
	Last accessed on 2020-11-30
	}}

@misc{cit:11,
	author= {{Adam Paszke, Sam Gross ,Soumith Chintala, Gregory Chanan}},
	year  = {2016},
	title = {PyTorch},
	note  = {\url{https://pytorch.org/},
	Last accessed on 2020-11-30
	}}

@article{cit:12,
	author= {{Lu Pang, Yaowei Wang, Yi-Zhe Song, Tiejun Huang, Yonghong Tian}},
	year  = {2018},
	title = {Cross-Domain Adversarial Feature Learning for Sketch Re-identification},
	note  = {\url{https://www.pkuml.org/resources/pkusketchreid-dataset.html},
	Last accessed on 2020-11-30
	}}

@inproceedings{
	cit:14,
	title={Lightweight Residual Network for Person Re-identification},
	author={Reza Fuad Rachmadi and Supeno Mardi Susiki Nugroho and I Ketut Eddy Purnama},
	booktitle={International Conference on Information Technology and Digital Applications (ICITDA)},
	year={2020},
}

@article{cit:15,
	title={Joint discriminative and generative learning for person re-identification},
	author={Zheng, Zhedong and Yang, Xiaodong and Yu, Zhiding and Zheng, Liang and Yang, Yi and Kautz, Jan},
	journal={IEEE Conference on Computer Vision and Pattern Recognition (CVPR)},
	year={2019}
}

@misc{cit:16,
	title={Torchreid: A Library for Deep Learning Person Re-Identification in Pytorch}, 
	author={Kaiyang Zhou and Tao Xiang},
	year={2019},
	eprint={1910.10093},
	archivePrefix={arXiv},
	primaryClass={cs.CV}
}
@misc{cit:17,
	title={Adaptive L2 Regularization in Person Re-Identification}, 
	author={Xingyang Ni and Liang Fang and Heikki Huttunen},
	year={2020},
	eprint={2007.07875},
	archivePrefix={arXiv},
	primaryClass={cs.CV}
}

@article{
	cit:18,
	author = {Bre, Facundo and Gimenez, Juan and Fachinotti, VÃ­ctor},
	year = {2017},
	month = {11},
	pages = {},
	title = {Prediction of wind pressure coefficients on building surfaces using Artificial Neural Networks Page 4},
	volume = {158},
	journal = {Energy and Buildings},
	doi = {10.1016/j.enbuild.2017.11.045}
}