@misc{cit:1,
	year  = {2020},
	title = {Kasus Kriminal Meningkat 7,04 Persen dalam Sepekan, Salah Satunya Perampokan},
	note  = {\url{https://nasional.kompas.com/read/2020/05/18/16253371/kasus-kriminal-meningkat-704-persen-dalam-sepekan-salah-satunya-perampokan}
	}
}

@misc{cit:2,
	year  = {2020},
	title = {Dua Pekan Terakhir, Polri Catat Peningkatan Kejahatan 11,80 Persen},
	note  = {\url{https://nasional.kompas.com/read/2020/04/20/20542321/dua-pekan-terakhir-polri-catat-peningkatan-kejahatan-1180-persen}
	}
}


@misc{cit:3,
	year  = {2020},
	title = {Ini Alasan Angka Kriminalitas Meningkat Pekan Lalu Menurut Polri},
	note  = {\url{https://nasional.kompas.com/read/2020/05/18/16253371/kasus-kriminal-meningkat-704-persen-dalam-sepekan-salah-satunya-perampokan}
	}}

@misc{cit:4,
	year  = {2020},
	title = {Dalam Sepekan, Polri Catat Peningkatan Kejahatan Jalanan di Indonesia},
	note  = {\url{https://nasional.kompas.com/read/2020/05/12/17363331/dalam-sepekan-polri-catat-peningkatan-kejahatan-jalanan-di-indonesia}
	}}

@article{cit:5,
	author= {{Lu Pang, Yaowei Wang, Yi-Zhe Song, Tiejun Huang, Yonghong Tian}},
	year  = {2018},
	title = {Cross-Domain Adversarial Feature Learning for Sketch Re-identification},
	note  = {\url{https://www.pkuml.org/resources/pkusketchreid-dataset.html},
	Last accessed on 2020-11-30
	}}

@misc{cit:6,
	author= {{Kaiming He, Xiangyu Zhang, Shaoqing Ren, Jian Sun}},
	year  = {2015},
	title = {Deep Residual Learning for Image Recognition},
	note  = {\url{https://arxiv.org/abs/1512.03385}
	}}

@mastersthesis{cit:99,
	document_type     = {},
	timestamp         = {},
	author            = {},
	title             = {},
	school            = {},
	year              = {},
	type              = {},
	month             = {},
}















